<?xml version="1.0" encoding="UTF-8"?><collection xmlns="http://www.loc.gov/MARC21/slim"><record><leader>00458nam--2200157-i-4500</leader><controlfield tag="001">000004941</controlfield><controlfield tag="002">20161230</controlfield><controlfield tag="005">20170208171430</controlfield><controlfield tag="008">060222s1000------------r-----000-0-eng-d</controlfield><datafield ind1=" " ind2=" " tag="100"><subfield code="a">Butta, Enzo</subfield></datafield><datafield ind1=" " ind2=" " tag="245"><subfield code="a">Transizioni nel politetrafluoroetilene</subfield></datafield><datafield ind1=" " ind2=" " tag="260"><subfield code="a">Pisa</subfield><subfield code="b">Bibl.Centrale Dell Universita</subfield><subfield code="c">1959</subfield></datafield><datafield ind1=" " ind2=" " tag="300"><subfield code="a">7 p</subfield></datafield><datafield ind1=" " ind2=" " tag="490"><subfield code="a">Publicazioni Della Facolta D Ingegneria Dell Universita Di Pisa</subfield></datafield><datafield ind1=" " ind2=" " tag="700"><subfield code="a">Baccaredda, M</subfield></datafield><datafield ind1=" " ind2=" " tag="CAT"><subfield code="a">SYS</subfield><subfield code="c">20170208</subfield><subfield code="h">171430</subfield></datafield></record></collection>